@article{absorb,
  title={Absorption of sound in fluids},
  author={Markham, Jordan J and Beyer, Robert T and Lindsay, RB},
  journal={Reviews of Modern Physics},
  volume={23},
  number={4},
  pages={353},
  year={1951},
  publisher={APS}
}

@article{parthasarathy1955sound,
  title={Sound Absorption in Liquids in Relation to Their Physical Properties Viscosity and Specific Heats},
  author={Parthasarathy, S and Chhapgar, AF},
  journal={Annalen der Physik},
  volume={451},
  number={5-8},
  pages={297--303},
  year={1955},
  publisher={Wiley Online Library}
}

@inproceedings{fan2015soqr,
  title={SoQr: sonically quantifying the content level inside containers},
  author={Fan, Mingming and Truong, Khai N},
  booktitle={Proceedings of the 2015 ACM International Joint Conference on Pervasive and Ubiquitous Computing},
  pages={3--14},
  year={2015},
  organization={ACM}
}

@inproceedings{kunze2007symbolic,
  title={Symbolic Object Localization Through Active Sampling of Acceleration and Sound Signatures},
  author={Kunze, Kai and Lukowicz, Paul},
  booktitle={Proceedings of UbiComp 2007: Ubiquitous Computing},
  pages={163--180},
  year={2007},
  organization={Springer}
}

@inproceedings{fan2014public,
  title={Public restroom detection on mobile phone via active probing},
  author={Fan, Mingming and Adams, Alexander Travis and Truong, Khai N},
  booktitle={Proceedings of the 2014 ACM International Symposium on Wearable Computers},
  pages={27--34},
  year={2014},
  organization={ACM}
}

@article{chang2011libsvm,
  title={LIBSVM: A library for support vector machines},
  author={Chang, Chih-Chung and Lin, Chih-Jen},
  journal={ACM Transactions on Intelligent Systems and Technology (TIST)},
  volume={2},
  number={3},
  pages={27},
  year={2011},
  publisher={ACM}
}

@article{hall2009weka,
  title={The WEKA data mining software: an update},
  author={Hall, Mark and Frank, Eibe and Holmes, Geoffrey and Pfahringer, Bernhard and Reutemann, Peter and Witten, Ian H},
  journal={ACM SIGKDD explorations newsletter},
  volume={11},
  number={1},
  pages={10--18},
  year={2009},
  publisher={ACM}
}

@article{yan2015improving,
  title={Improving the transfer ability of prediction models for electronic noses},
  author={Yan, Ke and Zhang, David},
  journal={Sensors and Actuators B: Chemical},
  volume={220},
  pages={115--124},
  year={2015},
  publisher={Elsevier}
}


@misc{adheretech,
  author = {},
  title = {{AdhereTech: Smart wireless pill bottles}},
  howpublished = "\url{http://adheretech.com}",
  note = "Retrieved December 21,2015"
}

@misc{cuptime,
  author = {},
  title = {{CUPTIME: Smart cup keeps you hydrated.}},
  howpublished = "\url{http://www.gadgetify.com/cuptime-smart-cup}",
  note = "Retrieved December 21,2015"
}

@misc{vessyl,
  author = {},
  title = {{Vessyl: Smart water bottle}},
  howpublished = "\url{https://www.myvessyl.com}",
  note = "Retrieved December 21,2015"
}


@article{canbolat2009novel,
  title={A novel level measurement technique using three capacitive sensors for liquids},
  author={Canbolat, H{\"u}seyin},
  journal={Instrumentation and Measurement, IEEE Transactions on},
  volume={58},
  number={10},
  pages={3762--3768},
  year={2009},
  publisher={IEEE}
}


@inproceedings{dietz2002wireless,
  title={Wireless liquid level sensing for restaurant applications},
  author={Dietz, Paul H and Leigh, Darren and Yerazunis, William S},
  booktitle={Sensors, 2002. Proceedings of IEEE},
  volume={1},
  pages={715--720},
  year={2002},
  organization={IEEE}
}

@article{fram1990distressed,
  title={The distressed shopper},
  author={Fram, Eugene H and Axelrod, Joel},
  journal={American Demographics},
  volume={12},
  number={10},
  pages={44--45},
  year={1990},
  publisher={October}
}


@inproceedings{ganglbauer2012creating,
  title={Creating visibility: understanding the design space for food waste},
  author={Ganglbauer, Eva and Fitzpatrick, Geraldine and Molzer, Georg},
  booktitle={Proceedings of the 11th International Conference on Mobile and Ubiquitous Multimedia},
  pages={1},
  year={2012},
  organization={ACM}
}


@article{pan2010survey,
  title={A survey on transfer learning},
  author={Pan, Sinno Jialin and Yang, Qiang},
  journal={Knowledge and Data Engineering, IEEE Transactions on},
  volume={22},
  number={10},
  pages={1345--1359},
  year={2010},
  publisher={IEEE}
}